<?xml version="1.0" encoding="UTF-8"?><record xmlns="http://www.loc.gov/MARC21/slim" xmlns:cinclude="http://apache.org/cocoon/include/1.0" xmlns:zs="http://www.loc.gov/zing/srw/">
  <leader>00824cz  a2200229n  4500</leader>
  <controlfield tag="001">n  86708856 </controlfield>
  <controlfield tag="003">DLC</controlfield>
  <controlfield tag="005">20081022081036.0</controlfield>
  <controlfield tag="008">880809n| acaaaaaan          |a ana      </controlfield>
  <datafield tag="010" ind1=" " ind2=" ">
    <subfield code="a">n  86708856 </subfield>
  </datafield>
  <datafield tag="035" ind1=" " ind2=" ">
    <subfield code="a">(OCoLC)oca02336998</subfield>
  </datafield>
  <datafield tag="040" ind1=" " ind2=" ">
    <subfield code="a">DLC</subfield>
    <subfield code="b">eng</subfield>
    <subfield code="c">DLC</subfield>
    <subfield code="d">DLC</subfield>
    <subfield code="d">OCoLC</subfield>
    <subfield code="d">MH-P</subfield>
  </datafield>
  <datafield tag="130" ind1=" " ind2="0">
    <subfield code="a">Curare.</subfield>
    <subfield code="p">Sonderband</subfield>
  </datafield>
  <datafield tag="410" ind1="2" ind2=" ">
    <subfield code="a">Arbeitsgemeinschaft Ethnomedizin.</subfield>
    <subfield code="t">Curare.</subfield>
    <subfield code="p">Sonderband</subfield>
  </datafield>
  <datafield tag="430" ind1=" " ind2="0">
    <subfield code="a">Curare.</subfield>
    <subfield code="p">Special volume</subfield>
  </datafield>
  <datafield tag="642" ind1=" " ind2=" ">
    <subfield code="a">4</subfield>
    <subfield code="5">DLC</subfield>
  </datafield>
  <datafield tag="643" ind1=" " ind2=" ">
    <subfield code="a">Braunschweig</subfield>
    <subfield code="b">F. Vieweg</subfield>
  </datafield>
  <datafield tag="644" ind1=" " ind2=" ">
    <subfield code="a">f</subfield>
    <subfield code="5">DLC</subfield>
  </datafield>
  <datafield tag="645" ind1=" " ind2=" ">
    <subfield code="a">t</subfield>
    <subfield code="5">DLC</subfield>
  </datafield>
  <datafield tag="646" ind1=" " ind2=" ">
    <subfield code="a">s</subfield>
    <subfield code="5">DLC</subfield>
  </datafield>
  <datafield tag="670" ind1=" " ind2=" ">
    <subfield code="a">Internationale Fachkonferenz Ethnomedizin (7th : 1984 : Heidelberg, Germany). Sterben und Tod, 1986:</subfield>
    <subfield code="b">cover</subfield>
  </datafield>
  <datafield tag="670" ind1=" " ind2=" ">
    <subfield code="a">Kulturell gefordert oder medizinisch indiziert?, c1998:</subfield>
    <subfield code="b">ser. t.p. (Curare. Special volume) spine (Curare. Sonderband = Curare. Special volume)</subfield>
  </datafield>
</record>